%YAML 1.1
%TAG !u! tag:unity3d.com,2011:
--- !u!29 &1
OcclusionCullingSettings:
  m_ObjectHideFlags: 0
  serializedVersion: 2
  m_OcclusionBakeSettings:
    smallestOccluder: 5
    smallestHole: 0.25
    backfaceThreshold: 100
  m_SceneGUID: 00000000000000000000000000000000
  m_OcclusionCullingData: {fileID: 0}
--- !u!104 &2
RenderSettings:
  m_ObjectHideFlags: 0
  serializedVersion: 8
  m_Fog: 0
  m_FogColor: {r: 0.5, g: 0.5, b: 0.5, a: 1}
  m_FogMode: 3
  m_FogDensity: 0.01
  m_LinearFogStart: 0
  m_LinearFogEnd: 300
  m_AmbientSkyColor: {r: 0.212, g: 0.227, b: 0.259, a: 1}
  m_AmbientEquatorColor: {r: 0.114, g: 0.125, b: 0.133, a: 1}
  m_AmbientGroundColor: {r: 0.047, g: 0.043, b: 0.035, a: 1}
  m_AmbientIntensity: 1
  m_AmbientMode: 3
  m_SubtractiveShadowColor: {r: 0.42, g: 0.478, b: 0.627, a: 1}
  m_SkyboxMaterial: {fileID: 0}
  m_HaloStrength: 0.5
  m_FlareStrength: 1
  m_FlareFadeSpeed: 3
  m_HaloTexture: {fileID: 0}
  m_SpotCookie: {fileID: 10001, guid: 0000000000000000e000000000000000, type: 0}
  m_DefaultReflectionMode: 0
  m_DefaultReflectionResolution: 128
  m_ReflectionBounces: 1
  m_ReflectionIntensity: 1
  m_CustomReflection: {fileID: 0}
  m_Sun: {fileID: 0}
  m_IndirectSpecularColor: {r: 0, g: 0, b: 0, a: 1}
--- !u!157 &3
LightmapSettings:
  m_ObjectHideFlags: 0
  serializedVersion: 11
  m_GIWorkflowMode: 1
  m_GISettings:
    serializedVersion: 2
    m_BounceScale: 1
    m_IndirectOutputScale: 1
    m_AlbedoBoost: 1
    m_TemporalCoherenceThreshold: 1
    m_EnvironmentLightingMode: 0
    m_EnableBakedLightmaps: 0
    m_EnableRealtimeLightmaps: 0
  m_LightmapEditorSettings:
    serializedVersion: 9
    m_Resolution: 2
    m_BakeResolution: 40
    m_TextureWidth: 1024
    m_TextureHeight: 1024
    m_AO: 0
    m_AOMaxDistance: 1
    m_CompAOExponent: 1
    m_CompAOExponentDirect: 0
    m_Padding: 2
    m_LightmapParameters: {fileID: 0}
    m_LightmapsBakeMode: 1
    m_TextureCompression: 1
    m_FinalGather: 0
    m_FinalGatherFiltering: 1
    m_FinalGatherRayCount: 256
    m_ReflectionCompression: 2
    m_MixedBakeMode: 2
    m_BakeBackend: 0
    m_PVRSampling: 1
    m_PVRDirectSampleCount: 32
    m_PVRSampleCount: 500
    m_PVRBounces: 2
    m_PVRFilterTypeDirect: 0
    m_PVRFilterTypeIndirect: 0
    m_PVRFilterTypeAO: 0
    m_PVRFilteringMode: 1
    m_PVRCulling: 1
    m_PVRFilteringGaussRadiusDirect: 1
    m_PVRFilteringGaussRadiusIndirect: 5
    m_PVRFilteringGaussRadiusAO: 2
    m_PVRFilteringAtrousPositionSigmaDirect: 0.5
    m_PVRFilteringAtrousPositionSigmaIndirect: 2
    m_PVRFilteringAtrousPositionSigmaAO: 1
  m_LightingDataAsset: {fileID: 0}
  m_UseShadowmask: 1
--- !u!196 &4
NavMeshSettings:
  serializedVersion: 2
  m_ObjectHideFlags: 0
  m_BuildSettings:
    serializedVersion: 2
    agentTypeID: 0
    agentRadius: 0.5
    agentHeight: 2
    agentSlope: 45
    agentClimb: 0.4
    ledgeDropHeight: 0
    maxJumpAcrossDistance: 0
    minRegionArea: 2
    manualCellSize: 0
    cellSize: 0.16666667
    manualTileSize: 0
    tileSize: 256
    accuratePlacement: 0
    debug:
      m_Flags: 0
  m_NavMeshData: {fileID: 0}
--- !u!1 &43313330
GameObject:
  m_ObjectHideFlags: 0
  m_PrefabParentObject: {fileID: 1680593422710460, guid: 0386ed9c6f500c54e8819ba464629ca0,
    type: 2}
  m_PrefabInternal: {fileID: 0}
  serializedVersion: 5
  m_Component:
  - component: {fileID: 43313331}
  - component: {fileID: 43313334}
  - component: {fileID: 43313333}
  m_Layer: 5
  m_Name: PAUSE-MANGER
  m_TagString: Untagged
  m_Icon: {fileID: 0}
  m_NavMeshLayer: 0
  m_StaticEditorFlags: 0
  m_IsActive: 1
--- !u!224 &43313331
RectTransform:
  m_ObjectHideFlags: 0
  m_PrefabParentObject: {fileID: 224792914231136790, guid: 0386ed9c6f500c54e8819ba464629ca0,
    type: 2}
  m_PrefabInternal: {fileID: 0}
  m_GameObject: {fileID: 43313330}
  m_LocalRotation: {x: 0, y: 0, z: 0, w: 1}
  m_LocalPosition: {x: 0, y: 0, z: 0}
  m_LocalScale: {x: 1, y: 1, z: 1}
  m_Children:
  - {fileID: 1774773871}
  m_Father: {fileID: 1500577478}
  m_RootOrder: 2
  m_LocalEulerAnglesHint: {x: 0, y: 0, z: 0}
  m_AnchorMin: {x: 0.5, y: 0.5}
  m_AnchorMax: {x: 0.5, y: 0.5}
  m_AnchoredPosition: {x: 0, y: 0}
  m_SizeDelta: {x: 100, y: 100}
  m_Pivot: {x: 0.5, y: 0.5}
--- !u!114 &43313333
MonoBehaviour:
  m_ObjectHideFlags: 0
  m_PrefabParentObject: {fileID: 114158742346332560, guid: 0386ed9c6f500c54e8819ba464629ca0,
    type: 2}
  m_PrefabInternal: {fileID: 0}
  m_GameObject: {fileID: 43313330}
  m_Enabled: 1
  m_EditorHideFlags: 0
  m_Script: {fileID: 11500000, guid: b6dcf6f30b3f7f9438bfab550201f75c, type: 3}
  m_Name: 
  m_EditorClassIdentifier: 
  currentMenuPos: 0
  minMenuPos: 0
  maxMenuPos: 0
--- !u!114 &43313334
MonoBehaviour:
  m_ObjectHideFlags: 0
  m_PrefabParentObject: {fileID: 114243069493776188, guid: 0386ed9c6f500c54e8819ba464629ca0,
    type: 2}
  m_PrefabInternal: {fileID: 0}
  m_GameObject: {fileID: 43313330}
  m_Enabled: 1
  m_EditorHideFlags: 0
  m_Script: {fileID: 11500000, guid: f6f8ced6fb0016845a87fb4ad758d33a, type: 3}
  m_Name: 
  m_EditorClassIdentifier: 
  hasFocus: 0
  pauseMenuItems: []
--- !u!1 &105886084
GameObject:
  m_ObjectHideFlags: 0
  m_PrefabParentObject: {fileID: 1415410782132850, guid: 0386ed9c6f500c54e8819ba464629ca0,
    type: 2}
  m_PrefabInternal: {fileID: 0}
  serializedVersion: 5
  m_Component:
  - component: {fileID: 105886085}
  - component: {fileID: 105886087}
  - component: {fileID: 105886086}
  m_Layer: 5
  m_Name: Death_DiolougePanelBackdrop
  m_TagString: Untagged
  m_Icon: {fileID: 0}
  m_NavMeshLayer: 0
  m_StaticEditorFlags: 0
  m_IsActive: 1
--- !u!224 &105886085
RectTransform:
  m_ObjectHideFlags: 0
  m_PrefabParentObject: {fileID: 224726879432468826, guid: 0386ed9c6f500c54e8819ba464629ca0,
    type: 2}
  m_PrefabInternal: {fileID: 0}
  m_GameObject: {fileID: 105886084}
  m_LocalRotation: {x: 0, y: 0, z: 0, w: 1}
  m_LocalPosition: {x: 0, y: -13.100006, z: 0}
  m_LocalScale: {x: 1, y: 1, z: 1}
  m_Children:
  - {fileID: 328995839}
  m_Father: {fileID: 1067747551}
  m_RootOrder: 0
  m_LocalEulerAnglesHint: {x: 0, y: 0, z: 0}
  m_AnchorMin: {x: 0, y: 0}
  m_AnchorMax: {x: 1, y: 1}
  m_AnchoredPosition: {x: 0, y: -13.1}
  m_SizeDelta: {x: 0, y: -321.9}
  m_Pivot: {x: 0.5, y: 0.5}
--- !u!114 &105886086
MonoBehaviour:
  m_ObjectHideFlags: 0
  m_PrefabParentObject: {fileID: 114339701573346764, guid: 0386ed9c6f500c54e8819ba464629ca0,
    type: 2}
  m_PrefabInternal: {fileID: 0}
  m_GameObject: {fileID: 105886084}
  m_Enabled: 1
  m_EditorHideFlags: 0
  m_Script: {fileID: -765806418, guid: f70555f144d8491a825f0804e09c671c, type: 3}
  m_Name: 
  m_EditorClassIdentifier: 
  m_Material: {fileID: 0}
  m_Color: {r: 0, g: 0, b: 0, a: 0.392}
  m_RaycastTarget: 1
  m_OnCullStateChanged:
    m_PersistentCalls:
      m_Calls: []
    m_TypeName: UnityEngine.UI.MaskableGraphic+CullStateChangedEvent, UnityEngine.UI,
      Version=1.0.0.0, Culture=neutral, PublicKeyToken=null
  m_Sprite: {fileID: 10907, guid: 0000000000000000f000000000000000, type: 0}
  m_Type: 1
  m_PreserveAspect: 0
  m_FillCenter: 1
  m_FillMethod: 4
  m_FillAmount: 1
  m_FillClockwise: 1
  m_FillOrigin: 0
--- !u!222 &105886087
CanvasRenderer:
  m_ObjectHideFlags: 0
  m_PrefabParentObject: {fileID: 222957300633768402, guid: 0386ed9c6f500c54e8819ba464629ca0,
    type: 2}
  m_PrefabInternal: {fileID: 0}
  m_GameObject: {fileID: 105886084}
--- !u!1 &111358293
GameObject:
  m_ObjectHideFlags: 0
  m_PrefabParentObject: {fileID: 1349607179056216, guid: 0386ed9c6f500c54e8819ba464629ca0,
    type: 2}
  m_PrefabInternal: {fileID: 0}
  serializedVersion: 5
  m_Component:
  - component: {fileID: 111358294}
  - component: {fileID: 111358296}
  - component: {fileID: 111358295}
  - component: {fileID: 111358297}
  m_Layer: 5
  m_Name: Panel
  m_TagString: Untagged
  m_Icon: {fileID: 0}
  m_NavMeshLayer: 0
  m_StaticEditorFlags: 0
  m_IsActive: 1
--- !u!224 &111358294
RectTransform:
  m_ObjectHideFlags: 0
  m_PrefabParentObject: {fileID: 224016176845920440, guid: 0386ed9c6f500c54e8819ba464629ca0,
    type: 2}
  m_PrefabInternal: {fileID: 0}
  m_GameObject: {fileID: 111358293}
  m_LocalRotation: {x: 0, y: 0, z: 0, w: 1}
  m_LocalPosition: {x: -96.20182, y: 69.03234, z: 0}
  m_LocalScale: {x: 1, y: 1, z: 1}
  m_Children:
  - {fileID: 2037468126}
  m_Father: {fileID: 1774773871}
  m_RootOrder: 1
  m_LocalEulerAnglesHint: {x: 0, y: 0, z: 0}
  m_AnchorMin: {x: 0.060268696, y: 0.7711675}
  m_AnchorMax: {x: 0.5, y: 0.86600006}
  m_AnchoredPosition: {x: -1, y: -7.200012}
  m_SizeDelta: {x: -2.7, y: 12.6}
  m_Pivot: {x: 0.5, y: 0.5}
--- !u!114 &111358295
MonoBehaviour:
  m_ObjectHideFlags: 0
  m_PrefabParentObject: {fileID: 114115234097219310, guid: 0386ed9c6f500c54e8819ba464629ca0,
    type: 2}
  m_PrefabInternal: {fileID: 0}
  m_GameObject: {fileID: 111358293}
  m_Enabled: 1
  m_EditorHideFlags: 0
  m_Script: {fileID: -765806418, guid: f70555f144d8491a825f0804e09c671c, type: 3}
  m_Name: 
  m_EditorClassIdentifier: 
  m_Material: {fileID: 0}
  m_Color: {r: 1, g: 1, b: 1, a: 0}
  m_RaycastTarget: 1
  m_OnCullStateChanged:
    m_PersistentCalls:
      m_Calls: []
    m_TypeName: UnityEngine.UI.MaskableGraphic+CullStateChangedEvent, UnityEngine.UI,
      Version=1.0.0.0, Culture=neutral, PublicKeyToken=null
  m_Sprite: {fileID: 10907, guid: 0000000000000000f000000000000000, type: 0}
  m_Type: 1
  m_PreserveAspect: 0
  m_FillCenter: 1
  m_FillMethod: 4
  m_FillAmount: 1
  m_FillClockwise: 1
  m_FillOrigin: 0
--- !u!222 &111358296
CanvasRenderer:
  m_ObjectHideFlags: 0
  m_PrefabParentObject: {fileID: 222170934346494266, guid: 0386ed9c6f500c54e8819ba464629ca0,
    type: 2}
  m_PrefabInternal: {fileID: 0}
  m_GameObject: {fileID: 111358293}
--- !u!114 &111358297
MonoBehaviour:
  m_ObjectHideFlags: 0
  m_PrefabParentObject: {fileID: 114447466353367204, guid: 0386ed9c6f500c54e8819ba464629ca0,
    type: 2}
  m_PrefabInternal: {fileID: 0}
  m_GameObject: {fileID: 111358293}
  m_Enabled: 1
  m_EditorHideFlags: 0
  m_Script: {fileID: 11500000, guid: 6869c7bb9926e3a4f94d89e0d660885f, type: 3}
  m_Name: 
  m_EditorClassIdentifier: 
  menuOrderID: 0
  text: {fileID: 0}
--- !u!1 &281767478
GameObject:
  m_ObjectHideFlags: 0
  m_PrefabParentObject: {fileID: 1774536173471894, guid: 0386ed9c6f500c54e8819ba464629ca0,
    type: 2}
  m_PrefabInternal: {fileID: 0}
  serializedVersion: 5
  m_Component:
  - component: {fileID: 281767479}
  - component: {fileID: 281767480}
  - component: {fileID: 281767481}
  m_Layer: 5
  m_Name: Heart3
  m_TagString: Untagged
  m_Icon: {fileID: 0}
  m_NavMeshLayer: 0
  m_StaticEditorFlags: 0
  m_IsActive: 1
--- !u!224 &281767479
RectTransform:
  m_ObjectHideFlags: 0
  m_PrefabParentObject: {fileID: 224347357810047858, guid: 0386ed9c6f500c54e8819ba464629ca0,
    type: 2}
  m_PrefabInternal: {fileID: 0}
  m_GameObject: {fileID: 281767478}
  m_LocalRotation: {x: -0, y: -0, z: -0, w: 1}
  m_LocalPosition: {x: -12.599998, y: 0.7999573, z: 0}
  m_LocalScale: {x: 1, y: 1, z: 1}
  m_Children: []
  m_Father: {fileID: 713034633}
  m_RootOrder: 2
  m_LocalEulerAnglesHint: {x: 0, y: 0, z: 0}
  m_AnchorMin: {x: 0.5, y: 0.5}
  m_AnchorMax: {x: 0.5, y: 0.5}
  m_AnchoredPosition: {x: -12.6, y: 0.7999573}
  m_SizeDelta: {x: 40, y: 40}
  m_Pivot: {x: 0.5, y: 0.5}
--- !u!222 &281767480
CanvasRenderer:
  m_ObjectHideFlags: 0
  m_PrefabParentObject: {fileID: 222108169434635110, guid: 0386ed9c6f500c54e8819ba464629ca0,
    type: 2}
  m_PrefabInternal: {fileID: 0}
  m_GameObject: {fileID: 281767478}
--- !u!114 &281767481
MonoBehaviour:
  m_ObjectHideFlags: 0
  m_PrefabParentObject: {fileID: 114728887142119882, guid: 0386ed9c6f500c54e8819ba464629ca0,
    type: 2}
  m_PrefabInternal: {fileID: 0}
  m_GameObject: {fileID: 281767478}
  m_Enabled: 1
  m_EditorHideFlags: 0
  m_Script: {fileID: -765806418, guid: f70555f144d8491a825f0804e09c671c, type: 3}
  m_Name: 
  m_EditorClassIdentifier: 
  m_Material: {fileID: 0}
  m_Color: {r: 1, g: 1, b: 1, a: 1}
  m_RaycastTarget: 1
  m_OnCullStateChanged:
    m_PersistentCalls:
      m_Calls: []
    m_TypeName: UnityEngine.UI.MaskableGraphic+CullStateChangedEvent, UnityEngine.UI,
      Version=1.0.0.0, Culture=neutral, PublicKeyToken=null
  m_Sprite: {fileID: 21300000, guid: 9e76b10a25ad66147bab78e30e20f24d, type: 3}
  m_Type: 0
  m_PreserveAspect: 0
  m_FillCenter: 1
  m_FillMethod: 4
  m_FillAmount: 1
  m_FillClockwise: 1
  m_FillOrigin: 0
--- !u!1 &282060003
GameObject:
  m_ObjectHideFlags: 0
  m_PrefabParentObject: {fileID: 1035185764252628, guid: 0386ed9c6f500c54e8819ba464629ca0,
    type: 2}
  m_PrefabInternal: {fileID: 0}
  serializedVersion: 5
  m_Component:
  - component: {fileID: 282060004}
  - component: {fileID: 282060006}
  - component: {fileID: 282060005}
  m_Layer: 5
  m_Name: Text
  m_TagString: Untagged
  m_Icon: {fileID: 0}
  m_NavMeshLayer: 0
  m_StaticEditorFlags: 0
  m_IsActive: 1
--- !u!224 &282060004
RectTransform:
  m_ObjectHideFlags: 0
  m_PrefabParentObject: {fileID: 224251155998844142, guid: 0386ed9c6f500c54e8819ba464629ca0,
    type: 2}
  m_PrefabInternal: {fileID: 0}
  m_GameObject: {fileID: 282060003}
  m_LocalRotation: {x: 0, y: 0, z: 0, w: 1}
  m_LocalPosition: {x: 0, y: 0, z: 0}
  m_LocalScale: {x: 1, y: 1, z: 1}
  m_Children: []
  m_Father: {fileID: 711633151}
  m_RootOrder: 0
  m_LocalEulerAnglesHint: {x: 0, y: 0, z: 0}
  m_AnchorMin: {x: 0.5, y: 0.5}
  m_AnchorMax: {x: 0.5, y: 0.5}
  m_AnchoredPosition: {x: 0, y: 0}
  m_SizeDelta: {x: 160, y: 30}
  m_Pivot: {x: 0.5, y: 0.5}
--- !u!114 &282060005
MonoBehaviour:
  m_ObjectHideFlags: 0
  m_PrefabParentObject: {fileID: 114809041245137998, guid: 0386ed9c6f500c54e8819ba464629ca0,
    type: 2}
  m_PrefabInternal: {fileID: 0}
  m_GameObject: {fileID: 282060003}
  m_Enabled: 1
  m_EditorHideFlags: 0
  m_Script: {fileID: 708705254, guid: f70555f144d8491a825f0804e09c671c, type: 3}
  m_Name: 
  m_EditorClassIdentifier: 
  m_Material: {fileID: 0}
  m_Color: {r: 0.19607843, g: 0.19607843, b: 0.19607843, a: 1}
  m_RaycastTarget: 1
  m_OnCullStateChanged:
    m_PersistentCalls:
      m_Calls: []
    m_TypeName: UnityEngine.UI.MaskableGraphic+CullStateChangedEvent, UnityEngine.UI,
      Version=1.0.0.0, Culture=neutral, PublicKeyToken=null
  m_FontData:
    m_Font: {fileID: 10102, guid: 0000000000000000e000000000000000, type: 0}
    m_FontSize: 14
    m_FontStyle: 0
    m_BestFit: 0
    m_MinSize: 10
    m_MaxSize: 40
    m_Alignment: 0
    m_AlignByGeometry: 0
    m_RichText: 1
    m_HorizontalOverflow: 0
    m_VerticalOverflow: 0
    m_LineSpacing: 1
  m_Text: Quit to main menu.
--- !u!222 &282060006
CanvasRenderer:
  m_ObjectHideFlags: 0
  m_PrefabParentObject: {fileID: 222383811223581452, guid: 0386ed9c6f500c54e8819ba464629ca0,
    type: 2}
  m_PrefabInternal: {fileID: 0}
  m_GameObject: {fileID: 282060003}
--- !u!1 &328995838
GameObject:
  m_ObjectHideFlags: 0
  m_PrefabParentObject: {fileID: 1627562010004718, guid: 0386ed9c6f500c54e8819ba464629ca0,
    type: 2}
  m_PrefabInternal: {fileID: 0}
  serializedVersion: 5
  m_Component:
  - component: {fileID: 328995839}
  - component: {fileID: 328995841}
  - component: {fileID: 328995840}
  m_Layer: 5
  m_Name: Death_DiolougePanel
  m_TagString: Untagged
  m_Icon: {fileID: 0}
  m_NavMeshLayer: 0
  m_StaticEditorFlags: 0
  m_IsActive: 1
--- !u!224 &328995839
RectTransform:
  m_ObjectHideFlags: 0
  m_PrefabParentObject: {fileID: 224361602085078364, guid: 0386ed9c6f500c54e8819ba464629ca0,
    type: 2}
  m_PrefabInternal: {fileID: 0}
  m_GameObject: {fileID: 328995838}
  m_LocalRotation: {x: -0, y: -0, z: -0, w: 1}
  m_LocalPosition: {x: 0, y: 2.9000015, z: 0}
  m_LocalScale: {x: 1, y: 1, z: 1}
  m_Children:
  - {fileID: 1507433736}
  m_Father: {fileID: 105886085}
  m_RootOrder: 0
  m_LocalEulerAnglesHint: {x: 0, y: 0, z: 0}
  m_AnchorMin: {x: 0, y: 0}
  m_AnchorMax: {x: 1, y: 1}
  m_AnchoredPosition: {x: 0, y: 2.9}
  m_SizeDelta: {x: 0, y: -54.6}
  m_Pivot: {x: 0.5, y: 0.5}
--- !u!114 &328995840
MonoBehaviour:
  m_ObjectHideFlags: 0
  m_PrefabParentObject: {fileID: 114988088081696744, guid: 0386ed9c6f500c54e8819ba464629ca0,
    type: 2}
  m_PrefabInternal: {fileID: 0}
  m_GameObject: {fileID: 328995838}
  m_Enabled: 1
  m_EditorHideFlags: 0
  m_Script: {fileID: -765806418, guid: f70555f144d8491a825f0804e09c671c, type: 3}
  m_Name: 
  m_EditorClassIdentifier: 
  m_Material: {fileID: 0}
  m_Color: {r: 0, g: 0, b: 0, a: 0.392}
  m_RaycastTarget: 1
  m_OnCullStateChanged:
    m_PersistentCalls:
      m_Calls: []
    m_TypeName: UnityEngine.UI.MaskableGraphic+CullStateChangedEvent, UnityEngine.UI,
      Version=1.0.0.0, Culture=neutral, PublicKeyToken=null
  m_Sprite: {fileID: 10907, guid: 0000000000000000f000000000000000, type: 0}
  m_Type: 1
  m_PreserveAspect: 0
  m_FillCenter: 1
  m_FillMethod: 4
  m_FillAmount: 1
  m_FillClockwise: 1
  m_FillOrigin: 0
--- !u!222 &328995841
CanvasRenderer:
  m_ObjectHideFlags: 0
  m_PrefabParentObject: {fileID: 222476679010641646, guid: 0386ed9c6f500c54e8819ba464629ca0,
    type: 2}
  m_PrefabInternal: {fileID: 0}
  m_GameObject: {fileID: 328995838}
--- !u!1 &360048204
GameObject:
  m_ObjectHideFlags: 0
  m_PrefabParentObject: {fileID: 1911941729221698, guid: 0386ed9c6f500c54e8819ba464629ca0,
    type: 2}
  m_PrefabInternal: {fileID: 0}
  serializedVersion: 5
  m_Component:
  - component: {fileID: 360048205}
  - component: {fileID: 360048207}
  - component: {fileID: 360048208}
  - component: {fileID: 360048206}
  m_Layer: 5
  m_Name: Heart1
  m_TagString: Untagged
  m_Icon: {fileID: 0}
  m_NavMeshLayer: 0
  m_StaticEditorFlags: 0
  m_IsActive: 1
--- !u!224 &360048205
RectTransform:
  m_ObjectHideFlags: 0
  m_PrefabParentObject: {fileID: 224276256444229144, guid: 0386ed9c6f500c54e8819ba464629ca0,
    type: 2}
  m_PrefabInternal: {fileID: 0}
  m_GameObject: {fileID: 360048204}
  m_LocalRotation: {x: 0, y: 0, z: 0, w: 1}
  m_LocalPosition: {x: -107.1, y: 0.79999924, z: 0}
  m_LocalScale: {x: 1, y: 1, z: 1}
  m_Children: []
  m_Father: {fileID: 713034633}
  m_RootOrder: 0
  m_LocalEulerAnglesHint: {x: 0, y: 0, z: 0}
  m_AnchorMin: {x: 0.5, y: 0.5}
  m_AnchorMax: {x: 0.5, y: 0.5}
  m_AnchoredPosition: {x: -107.1, y: 0.8}
  m_SizeDelta: {x: 40, y: 40}
  m_Pivot: {x: 0.5, y: 0.5}
--- !u!114 &360048206
MonoBehaviour:
  m_ObjectHideFlags: 0
  m_PrefabParentObject: {fileID: 114772274267444280, guid: 0386ed9c6f500c54e8819ba464629ca0,
    type: 2}
  m_PrefabInternal: {fileID: 0}
  m_GameObject: {fileID: 360048204}
  m_Enabled: 1
  m_EditorHideFlags: 0
  m_Script: {fileID: 11500000, guid: 4df83841e7478d64eab98aa8ad2cfb5f, type: 3}
  m_Name: 
  m_EditorClassIdentifier: 
--- !u!222 &360048207
CanvasRenderer:
  m_ObjectHideFlags: 0
  m_PrefabParentObject: {fileID: 222509932300533636, guid: 0386ed9c6f500c54e8819ba464629ca0,
    type: 2}
  m_PrefabInternal: {fileID: 0}
  m_GameObject: {fileID: 360048204}
--- !u!114 &360048208
MonoBehaviour:
  m_ObjectHideFlags: 0
  m_PrefabParentObject: {fileID: 114093343642396892, guid: 0386ed9c6f500c54e8819ba464629ca0,
    type: 2}
  m_PrefabInternal: {fileID: 0}
  m_GameObject: {fileID: 360048204}
  m_Enabled: 1
  m_EditorHideFlags: 0
  m_Script: {fileID: -765806418, guid: f70555f144d8491a825f0804e09c671c, type: 3}
  m_Name: 
  m_EditorClassIdentifier: 
  m_Material: {fileID: 0}
  m_Color: {r: 1, g: 1, b: 1, a: 1}
  m_RaycastTarget: 1
  m_OnCullStateChanged:
    m_PersistentCalls:
      m_Calls: []
    m_TypeName: UnityEngine.UI.MaskableGraphic+CullStateChangedEvent, UnityEngine.UI,
      Version=1.0.0.0, Culture=neutral, PublicKeyToken=null
  m_Sprite: {fileID: 21300000, guid: 9e76b10a25ad66147bab78e30e20f24d, type: 3}
  m_Type: 0
  m_PreserveAspect: 0
  m_FillCenter: 1
  m_FillMethod: 4
  m_FillAmount: 1
  m_FillClockwise: 1
  m_FillOrigin: 0
--- !u!1 &376851724
GameObject:
  m_ObjectHideFlags: 0
  m_PrefabParentObject: {fileID: 1137372731019254, guid: 0386ed9c6f500c54e8819ba464629ca0,
    type: 2}
  m_PrefabInternal: {fileID: 0}
  serializedVersion: 5
  m_Component:
  - component: {fileID: 376851725}
  - component: {fileID: 376851727}
  - component: {fileID: 376851726}
  - component: {fileID: 376851728}
  - component: {fileID: 376851729}
  m_Layer: 5
  m_Name: Return To Game Panel
  m_TagString: Untagged
  m_Icon: {fileID: 0}
  m_NavMeshLayer: 0
  m_StaticEditorFlags: 0
  m_IsActive: 1
--- !u!224 &376851725
RectTransform:
  m_ObjectHideFlags: 0
  m_PrefabParentObject: {fileID: 224794611020677444, guid: 0386ed9c6f500c54e8819ba464629ca0,
    type: 2}
  m_PrefabInternal: {fileID: 0}
  m_GameObject: {fileID: 376851724}
  m_LocalRotation: {x: -0, y: -0, z: -0, w: 1}
  m_LocalPosition: {x: -96.20182, y: 26.081253, z: 0}
  m_LocalScale: {x: 0.99999994, y: 0.99999994, z: 0.99999994}
  m_Children:
  - {fileID: 1308539263}
  m_Father: {fileID: 1774773871}
  m_RootOrder: 2
  m_LocalEulerAnglesHint: {x: 0, y: 0, z: 0}
  m_AnchorMin: {x: 0.060268696, y: 0.7711675}
  m_AnchorMax: {x: 0.5, y: 0.86600006}
  m_AnchoredPosition: {x: -1, y: -50.1511}
  m_SizeDelta: {x: -2.7, y: 12.6}
  m_Pivot: {x: 0.5, y: 0.5}
--- !u!114 &376851726
MonoBehaviour:
  m_ObjectHideFlags: 0
  m_PrefabParentObject: {fileID: 114366941716055772, guid: 0386ed9c6f500c54e8819ba464629ca0,
    type: 2}
  m_PrefabInternal: {fileID: 0}
  m_GameObject: {fileID: 376851724}
  m_Enabled: 1
  m_EditorHideFlags: 0
  m_Script: {fileID: -765806418, guid: f70555f144d8491a825f0804e09c671c, type: 3}
  m_Name: 
  m_EditorClassIdentifier: 
  m_Material: {fileID: 0}
  m_Color: {r: 1, g: 1, b: 1, a: 0}
  m_RaycastTarget: 1
  m_OnCullStateChanged:
    m_PersistentCalls:
      m_Calls: []
    m_TypeName: UnityEngine.UI.MaskableGraphic+CullStateChangedEvent, UnityEngine.UI,
      Version=1.0.0.0, Culture=neutral, PublicKeyToken=null
  m_Sprite: {fileID: 10907, guid: 0000000000000000f000000000000000, type: 0}
  m_Type: 1
  m_PreserveAspect: 0
  m_FillCenter: 1
  m_FillMethod: 4
  m_FillAmount: 1
  m_FillClockwise: 1
  m_FillOrigin: 0
--- !u!222 &376851727
CanvasRenderer:
  m_ObjectHideFlags: 0
  m_PrefabParentObject: {fileID: 222018513703543888, guid: 0386ed9c6f500c54e8819ba464629ca0,
    type: 2}
  m_PrefabInternal: {fileID: 0}
  m_GameObject: {fileID: 376851724}
--- !u!114 &376851728
MonoBehaviour:
  m_ObjectHideFlags: 0
  m_PrefabParentObject: {fileID: 114867092037153572, guid: 0386ed9c6f500c54e8819ba464629ca0,
    type: 2}
  m_PrefabInternal: {fileID: 0}
  m_GameObject: {fileID: 376851724}
  m_Enabled: 1
  m_EditorHideFlags: 0
  m_Script: {fileID: 11500000, guid: 6869c7bb9926e3a4f94d89e0d660885f, type: 3}
  m_Name: 
  m_EditorClassIdentifier: 
  menuOrderID: 1
  text: {fileID: 0}
--- !u!114 &376851729
MonoBehaviour:
  m_ObjectHideFlags: 0
  m_PrefabParentObject: {fileID: 114518734738118536, guid: 0386ed9c6f500c54e8819ba464629ca0,
    type: 2}
  m_PrefabInternal: {fileID: 0}
  m_GameObject: {fileID: 376851724}
  m_Enabled: 1
  m_EditorHideFlags: 0
  m_Script: {fileID: 11500000, guid: 74c0616632a9bb640bf2fc9818ed1c34, type: 3}
  m_Name: 
  m_EditorClassIdentifier: 
--- !u!1 &437545298
GameObject:
  m_ObjectHideFlags: 0
  m_PrefabParentObject: {fileID: 1256398393991012, guid: 0386ed9c6f500c54e8819ba464629ca0,
    type: 2}
  m_PrefabInternal: {fileID: 0}
  serializedVersion: 5
  m_Component:
  - component: {fileID: 437545299}
  - component: {fileID: 437545301}
  - component: {fileID: 437545300}
  m_Layer: 5
  m_Name: Title Panel
  m_TagString: Untagged
  m_Icon: {fileID: 0}
  m_NavMeshLayer: 0
  m_StaticEditorFlags: 0
  m_IsActive: 1
--- !u!224 &437545299
RectTransform:
  m_ObjectHideFlags: 0
  m_PrefabParentObject: {fileID: 224161343440556636, guid: 0386ed9c6f500c54e8819ba464629ca0,
    type: 2}
  m_PrefabInternal: {fileID: 0}
  m_GameObject: {fileID: 437545298}
  m_LocalRotation: {x: -0, y: -0, z: -0, w: 1}
  m_LocalPosition: {x: 0, y: 98.2, z: 0}
  m_LocalScale: {x: 1, y: 1, z: 1}
  m_Children:
  - {fileID: 1043226039}
  m_Father: {fileID: 1774773871}
  m_RootOrder: 0
  m_LocalEulerAnglesHint: {x: 0, y: 0, z: 0}
  m_AnchorMin: {x: 0, y: 0}
  m_AnchorMax: {x: 1, y: 1}
  m_AnchoredPosition: {x: 0, y: 98.2}
  m_SizeDelta: {x: -104.7, y: -133}
  m_Pivot: {x: 0.5, y: 0.5}
--- !u!114 &437545300
MonoBehaviour:
  m_ObjectHideFlags: 0
  m_PrefabParentObject: {fileID: 114483353610600442, guid: 0386ed9c6f500c54e8819ba464629ca0,
    type: 2}
  m_PrefabInternal: {fileID: 0}
  m_GameObject: {fileID: 437545298}
  m_Enabled: 1
  m_EditorHideFlags: 0
  m_Script: {fileID: -765806418, guid: f70555f144d8491a825f0804e09c671c, type: 3}
  m_Name: 
  m_EditorClassIdentifier: 
  m_Material: {fileID: 0}
  m_Color: {r: 0, g: 0, b: 0, a: 1}
  m_RaycastTarget: 1
  m_OnCullStateChanged:
    m_PersistentCalls:
      m_Calls: []
    m_TypeName: UnityEngine.UI.MaskableGraphic+CullStateChangedEvent, UnityEngine.UI,
      Version=1.0.0.0, Culture=neutral, PublicKeyToken=null
  m_Sprite: {fileID: 10907, guid: 0000000000000000f000000000000000, type: 0}
  m_Type: 1
  m_PreserveAspect: 0
  m_FillCenter: 1
  m_FillMethod: 4
  m_FillAmount: 1
  m_FillClockwise: 1
  m_FillOrigin: 0
--- !u!222 &437545301
CanvasRenderer:
  m_ObjectHideFlags: 0
  m_PrefabParentObject: {fileID: 222560686464923956, guid: 0386ed9c6f500c54e8819ba464629ca0,
    type: 2}
  m_PrefabInternal: {fileID: 0}
  m_GameObject: {fileID: 437545298}
--- !u!1 &679512003
GameObject:
  m_ObjectHideFlags: 0
  m_PrefabParentObject: {fileID: 1150022803164500, guid: 0386ed9c6f500c54e8819ba464629ca0,
    type: 2}
  m_PrefabInternal: {fileID: 0}
  serializedVersion: 5
  m_Component:
  - component: {fileID: 679512004}
  - component: {fileID: 679512005}
  - component: {fileID: 679512006}
  m_Layer: 5
  m_Name: Heart4
  m_TagString: Untagged
  m_Icon: {fileID: 0}
  m_NavMeshLayer: 0
  m_StaticEditorFlags: 0
  m_IsActive: 1
--- !u!224 &679512004
RectTransform:
  m_ObjectHideFlags: 0
  m_PrefabParentObject: {fileID: 224173641081782184, guid: 0386ed9c6f500c54e8819ba464629ca0,
    type: 2}
  m_PrefabInternal: {fileID: 0}
  m_GameObject: {fileID: 679512003}
  m_LocalRotation: {x: -0, y: -0, z: -0, w: 1}
  m_LocalPosition: {x: 34.8, y: 0.7999878, z: 0}
  m_LocalScale: {x: 1, y: 1, z: 1}
  m_Children: []
  m_Father: {fileID: 713034633}
  m_RootOrder: 3
  m_LocalEulerAnglesHint: {x: 0, y: 0, z: 0}
  m_AnchorMin: {x: 0.5, y: 0.5}
  m_AnchorMax: {x: 0.5, y: 0.5}
  m_AnchoredPosition: {x: 34.8, y: 0.7999878}
  m_SizeDelta: {x: 40, y: 40}
  m_Pivot: {x: 0.5, y: 0.5}
--- !u!222 &679512005
CanvasRenderer:
  m_ObjectHideFlags: 0
  m_PrefabParentObject: {fileID: 222840124281989988, guid: 0386ed9c6f500c54e8819ba464629ca0,
    type: 2}
  m_PrefabInternal: {fileID: 0}
  m_GameObject: {fileID: 679512003}
--- !u!114 &679512006
MonoBehaviour:
  m_ObjectHideFlags: 0
  m_PrefabParentObject: {fileID: 114016730205366700, guid: 0386ed9c6f500c54e8819ba464629ca0,
    type: 2}
  m_PrefabInternal: {fileID: 0}
  m_GameObject: {fileID: 679512003}
  m_Enabled: 1
  m_EditorHideFlags: 0
  m_Script: {fileID: -765806418, guid: f70555f144d8491a825f0804e09c671c, type: 3}
  m_Name: 
  m_EditorClassIdentifier: 
  m_Material: {fileID: 0}
  m_Color: {r: 1, g: 1, b: 1, a: 1}
  m_RaycastTarget: 1
  m_OnCullStateChanged:
    m_PersistentCalls:
      m_Calls: []
    m_TypeName: UnityEngine.UI.MaskableGraphic+CullStateChangedEvent, UnityEngine.UI,
      Version=1.0.0.0, Culture=neutral, PublicKeyToken=null
  m_Sprite: {fileID: 21300000, guid: 9e76b10a25ad66147bab78e30e20f24d, type: 3}
  m_Type: 0
  m_PreserveAspect: 0
  m_FillCenter: 1
  m_FillMethod: 4
  m_FillAmount: 1
  m_FillClockwise: 1
  m_FillOrigin: 0
--- !u!1 &711633150
GameObject:
  m_ObjectHideFlags: 0
  m_PrefabParentObject: {fileID: 1589123490633416, guid: 0386ed9c6f500c54e8819ba464629ca0,
    type: 2}
  m_PrefabInternal: {fileID: 0}
  serializedVersion: 5
  m_Component:
  - component: {fileID: 711633151}
  - component: {fileID: 711633153}
  - component: {fileID: 711633152}
  - component: {fileID: 711633154}
  - component: {fileID: 711633155}
  m_Layer: 5
  m_Name: Quit To Menu Panel
  m_TagString: Untagged
  m_Icon: {fileID: 0}
  m_NavMeshLayer: 0
  m_StaticEditorFlags: 0
  m_IsActive: 1
--- !u!224 &711633151
RectTransform:
  m_ObjectHideFlags: 0
  m_PrefabParentObject: {fileID: 224341150642879300, guid: 0386ed9c6f500c54e8819ba464629ca0,
    type: 2}
  m_PrefabInternal: {fileID: 0}
  m_GameObject: {fileID: 711633150}
  m_LocalRotation: {x: -0, y: -0, z: -0, w: 1}
  m_LocalPosition: {x: -96.20182, y: -13.767647, z: 0}
  m_LocalScale: {x: 0.99999994, y: 0.99999994, z: 0.99999994}
  m_Children:
  - {fileID: 282060004}
  m_Father: {fileID: 1774773871}
  m_RootOrder: 3
  m_LocalEulerAnglesHint: {x: 0, y: 0, z: 0}
  m_AnchorMin: {x: 0.060268696, y: 0.7711675}
  m_AnchorMax: {x: 0.5, y: 0.86600006}
  m_AnchoredPosition: {x: -1, y: -90}
  m_SizeDelta: {x: -2.7, y: 12.6}
  m_Pivot: {x: 0.5, y: 0.5}
--- !u!114 &711633152
MonoBehaviour:
  m_ObjectHideFlags: 0
  m_PrefabParentObject: {fileID: 114289301441873610, guid: 0386ed9c6f500c54e8819ba464629ca0,
    type: 2}
  m_PrefabInternal: {fileID: 0}
  m_GameObject: {fileID: 711633150}
  m_Enabled: 1
  m_EditorHideFlags: 0
  m_Script: {fileID: -765806418, guid: f70555f144d8491a825f0804e09c671c, type: 3}
  m_Name: 
  m_EditorClassIdentifier: 
  m_Material: {fileID: 0}
  m_Color: {r: 1, g: 1, b: 1, a: 0}
  m_RaycastTarget: 1
  m_OnCullStateChanged:
    m_PersistentCalls:
      m_Calls: []
    m_TypeName: UnityEngine.UI.MaskableGraphic+CullStateChangedEvent, UnityEngine.UI,
      Version=1.0.0.0, Culture=neutral, PublicKeyToken=null
  m_Sprite: {fileID: 10907, guid: 0000000000000000f000000000000000, type: 0}
  m_Type: 1
  m_PreserveAspect: 0
  m_FillCenter: 1
  m_FillMethod: 4
  m_FillAmount: 1
  m_FillClockwise: 1
  m_FillOrigin: 0
--- !u!222 &711633153
CanvasRenderer:
  m_ObjectHideFlags: 0
  m_PrefabParentObject: {fileID: 222030334883753736, guid: 0386ed9c6f500c54e8819ba464629ca0,
    type: 2}
  m_PrefabInternal: {fileID: 0}
  m_GameObject: {fileID: 711633150}
--- !u!114 &711633154
MonoBehaviour:
  m_ObjectHideFlags: 0
  m_PrefabParentObject: {fileID: 114856196467211674, guid: 0386ed9c6f500c54e8819ba464629ca0,
    type: 2}
  m_PrefabInternal: {fileID: 0}
  m_GameObject: {fileID: 711633150}
  m_Enabled: 1
  m_EditorHideFlags: 0
  m_Script: {fileID: 11500000, guid: 6869c7bb9926e3a4f94d89e0d660885f, type: 3}
  m_Name: 
  m_EditorClassIdentifier: 
  menuOrderID: 2
  text: {fileID: 0}
--- !u!114 &711633155
MonoBehaviour:
  m_ObjectHideFlags: 0
  m_PrefabParentObject: {fileID: 114535092524276930, guid: 0386ed9c6f500c54e8819ba464629ca0,
    type: 2}
  m_PrefabInternal: {fileID: 0}
  m_GameObject: {fileID: 711633150}
  m_Enabled: 1
  m_EditorHideFlags: 0
  m_Script: {fileID: 11500000, guid: 8f122f1cc2e40a046bfd6f2bf7af4aea, type: 3}
  m_Name: 
  m_EditorClassIdentifier: 
--- !u!1 &713034632
GameObject:
  m_ObjectHideFlags: 0
  m_PrefabParentObject: {fileID: 1229727090405998, guid: 0386ed9c6f500c54e8819ba464629ca0,
    type: 2}
  m_PrefabInternal: {fileID: 0}
  serializedVersion: 5
  m_Component:
  - component: {fileID: 713034633}
  - component: {fileID: 713034635}
  - component: {fileID: 713034634}
  m_Layer: 5
  m_Name: HealthDisplay
  m_TagString: Untagged
  m_Icon: {fileID: 0}
  m_NavMeshLayer: 0
  m_StaticEditorFlags: 0
  m_IsActive: 1
--- !u!224 &713034633
RectTransform:
  m_ObjectHideFlags: 0
  m_PrefabParentObject: {fileID: 224935908932622448, guid: 0386ed9c6f500c54e8819ba464629ca0,
    type: 2}
  m_PrefabInternal: {fileID: 0}
  m_GameObject: {fileID: 713034632}
  m_LocalRotation: {x: -0, y: -0, z: -0, w: 1}
  m_LocalPosition: {x: -265.1, y: 190.75676, z: 0}
  m_LocalScale: {x: 1, y: 1, z: 1}
  m_Children:
  - {fileID: 360048205}
  - {fileID: 1175502404}
  - {fileID: 281767479}
  - {fileID: 679512004}
  - {fileID: 1850195502}
  m_Father: {fileID: 1500577478}
  m_RootOrder: 0
  m_LocalEulerAnglesHint: {x: 0, y: 0, z: 0}
  m_AnchorMin: {x: 0, y: 0.8331032}
  m_AnchorMax: {x: 0.33775002, y: 1}
  m_AnchoredPosition: {x: -0.2000122, y: 3.4000244}
  m_SizeDelta: {x: -0.70000076, y: -9.4}
  m_Pivot: {x: 0.5, y: 0.5}
--- !u!114 &713034634
MonoBehaviour:
  m_ObjectHideFlags: 0
  m_PrefabParentObject: {fileID: 114249903597133212, guid: 0386ed9c6f500c54e8819ba464629ca0,
    type: 2}
  m_PrefabInternal: {fileID: 0}
  m_GameObject: {fileID: 713034632}
  m_Enabled: 1
  m_EditorHideFlags: 0
  m_Script: {fileID: -765806418, guid: f70555f144d8491a825f0804e09c671c, type: 3}
  m_Name: 
  m_EditorClassIdentifier: 
  m_Material: {fileID: 0}
  m_Color: {r: 1, g: 1, b: 1, a: 0.392}
  m_RaycastTarget: 1
  m_OnCullStateChanged:
    m_PersistentCalls:
      m_Calls: []
    m_TypeName: UnityEngine.UI.MaskableGraphic+CullStateChangedEvent, UnityEngine.UI,
      Version=1.0.0.0, Culture=neutral, PublicKeyToken=null
  m_Sprite: {fileID: 10907, guid: 0000000000000000f000000000000000, type: 0}
  m_Type: 1
  m_PreserveAspect: 0
  m_FillCenter: 1
  m_FillMethod: 4
  m_FillAmount: 1
  m_FillClockwise: 1
  m_FillOrigin: 0
--- !u!222 &713034635
CanvasRenderer:
  m_ObjectHideFlags: 0
  m_PrefabParentObject: {fileID: 222724324517605886, guid: 0386ed9c6f500c54e8819ba464629ca0,
    type: 2}
  m_PrefabInternal: {fileID: 0}
  m_GameObject: {fileID: 713034632}
--- !u!1 &1026891375
GameObject:
  m_ObjectHideFlags: 0
  m_PrefabParentObject: {fileID: 0}
  m_PrefabInternal: {fileID: 0}
  serializedVersion: 5
  m_Component:
  - component: {fileID: 1026891378}
  - component: {fileID: 1026891377}
  - component: {fileID: 1026891376}
  m_Layer: 0
  m_Name: EventSystem
  m_TagString: Untagged
  m_Icon: {fileID: 0}
  m_NavMeshLayer: 0
  m_StaticEditorFlags: 0
  m_IsActive: 1
--- !u!114 &1026891376
MonoBehaviour:
  m_ObjectHideFlags: 0
  m_PrefabParentObject: {fileID: 0}
  m_PrefabInternal: {fileID: 0}
  m_GameObject: {fileID: 1026891375}
  m_Enabled: 1
  m_EditorHideFlags: 0
  m_Script: {fileID: 1077351063, guid: f70555f144d8491a825f0804e09c671c, type: 3}
  m_Name: 
  m_EditorClassIdentifier: 
  m_HorizontalAxis: Horizontal
  m_VerticalAxis: Vertical
  m_SubmitButton: Submit
  m_CancelButton: Cancel
  m_InputActionsPerSecond: 10
  m_RepeatDelay: 0.5
  m_ForceModuleActive: 0
--- !u!114 &1026891377
MonoBehaviour:
  m_ObjectHideFlags: 0
  m_PrefabParentObject: {fileID: 0}
  m_PrefabInternal: {fileID: 0}
  m_GameObject: {fileID: 1026891375}
  m_Enabled: 1
  m_EditorHideFlags: 0
  m_Script: {fileID: -619905303, guid: f70555f144d8491a825f0804e09c671c, type: 3}
  m_Name: 
  m_EditorClassIdentifier: 
  m_FirstSelected: {fileID: 0}
  m_sendNavigationEvents: 1
  m_DragThreshold: 5
--- !u!4 &1026891378
Transform:
  m_ObjectHideFlags: 0
  m_PrefabParentObject: {fileID: 0}
  m_PrefabInternal: {fileID: 0}
  m_GameObject: {fileID: 1026891375}
  m_LocalRotation: {x: 0, y: 0, z: 0, w: 1}
  m_LocalPosition: {x: 0, y: 0, z: 0}
  m_LocalScale: {x: 1, y: 1, z: 1}
  m_Children: []
  m_Father: {fileID: 0}
  m_RootOrder: 2
  m_LocalEulerAnglesHint: {x: 0, y: 0, z: 0}
--- !u!1 &1043226038
GameObject:
  m_ObjectHideFlags: 0
  m_PrefabParentObject: {fileID: 1663486890908910, guid: 0386ed9c6f500c54e8819ba464629ca0,
    type: 2}
  m_PrefabInternal: {fileID: 0}
  serializedVersion: 5
  m_Component:
  - component: {fileID: 1043226039}
  - component: {fileID: 1043226041}
  - component: {fileID: 1043226040}
  m_Layer: 5
  m_Name: Pause Menu Title Text
  m_TagString: Untagged
  m_Icon: {fileID: 0}
  m_NavMeshLayer: 0
  m_StaticEditorFlags: 0
  m_IsActive: 1
--- !u!224 &1043226039
RectTransform:
  m_ObjectHideFlags: 0
  m_PrefabParentObject: {fileID: 224306330676690950, guid: 0386ed9c6f500c54e8819ba464629ca0,
    type: 2}
  m_PrefabInternal: {fileID: 0}
  m_GameObject: {fileID: 1043226038}
  m_LocalRotation: {x: 0, y: 0, z: 0, w: 1}
  m_LocalPosition: {x: 0, y: -5, z: 0}
  m_LocalScale: {x: 1, y: 1, z: 1}
  m_Children: []
  m_Father: {fileID: 437545299}
  m_RootOrder: 0
  m_LocalEulerAnglesHint: {x: 0, y: 0, z: 0}
  m_AnchorMin: {x: 0.5, y: 0.5}
  m_AnchorMax: {x: 0.5, y: 0.5}
  m_AnchoredPosition: {x: 0, y: -5}
  m_SizeDelta: {x: 160, y: 30}
  m_Pivot: {x: 0.5, y: 0.5}
--- !u!114 &1043226040
MonoBehaviour:
  m_ObjectHideFlags: 0
  m_PrefabParentObject: {fileID: 114404216504458772, guid: 0386ed9c6f500c54e8819ba464629ca0,
    type: 2}
  m_PrefabInternal: {fileID: 0}
  m_GameObject: {fileID: 1043226038}
  m_Enabled: 1
  m_EditorHideFlags: 0
  m_Script: {fileID: 708705254, guid: f70555f144d8491a825f0804e09c671c, type: 3}
  m_Name: 
  m_EditorClassIdentifier: 
  m_Material: {fileID: 0}
  m_Color: {r: 1, g: 1, b: 1, a: 1}
  m_RaycastTarget: 1
  m_OnCullStateChanged:
    m_PersistentCalls:
      m_Calls: []
    m_TypeName: UnityEngine.UI.MaskableGraphic+CullStateChangedEvent, UnityEngine.UI,
      Version=1.0.0.0, Culture=neutral, PublicKeyToken=null
  m_FontData:
    m_Font: {fileID: 10102, guid: 0000000000000000e000000000000000, type: 0}
    m_FontSize: 14
    m_FontStyle: 0
    m_BestFit: 0
    m_MinSize: 10
    m_MaxSize: 40
    m_Alignment: 4
    m_AlignByGeometry: 0
    m_RichText: 1
    m_HorizontalOverflow: 0
    m_VerticalOverflow: 0
    m_LineSpacing: 1
  m_Text: PAUSED
--- !u!222 &1043226041
CanvasRenderer:
  m_ObjectHideFlags: 0
  m_PrefabParentObject: {fileID: 222961184692437460, guid: 0386ed9c6f500c54e8819ba464629ca0,
    type: 2}
  m_PrefabInternal: {fileID: 0}
  m_GameObject: {fileID: 1043226038}
--- !u!1 &1067747550
GameObject:
  m_ObjectHideFlags: 0
  m_PrefabParentObject: {fileID: 1997037234982490, guid: 0386ed9c6f500c54e8819ba464629ca0,
    type: 2}
  m_PrefabInternal: {fileID: 0}
  serializedVersion: 5
  m_Component:
  - component: {fileID: 1067747551}
  - component: {fileID: 1067747553}
  - component: {fileID: 1067747552}
  m_Layer: 5
  m_Name: DeathDisplay
  m_TagString: Untagged
  m_Icon: {fileID: 0}
  m_NavMeshLayer: 0
  m_StaticEditorFlags: 0
  m_IsActive: 0
--- !u!224 &1067747551
RectTransform:
  m_ObjectHideFlags: 0
  m_PrefabParentObject: {fileID: 224465268500151728, guid: 0386ed9c6f500c54e8819ba464629ca0,
    type: 2}
  m_PrefabInternal: {fileID: 0}
  m_GameObject: {fileID: 1067747550}
  m_LocalRotation: {x: 0, y: 0, z: 0, w: 1}
  m_LocalPosition: {x: 0, y: -0.42999268, z: 0}
  m_LocalScale: {x: 1, y: 1, z: 1}
  m_Children:
  - {fileID: 105886085}
  m_Father: {fileID: 1500577478}
  m_RootOrder: 1
  m_LocalEulerAnglesHint: {x: 0, y: 0, z: 0}
  m_AnchorMin: {x: 0, y: 0}
  m_AnchorMax: {x: 1, y: 1}
  m_AnchoredPosition: {x: 0, y: -0.43}
  m_SizeDelta: {x: 17.16, y: 16.3}
  m_Pivot: {x: 0.5, y: 0.5}
--- !u!114 &1067747552
MonoBehaviour:
  m_ObjectHideFlags: 0
  m_PrefabParentObject: {fileID: 114445346128540506, guid: 0386ed9c6f500c54e8819ba464629ca0,
    type: 2}
  m_PrefabInternal: {fileID: 0}
  m_GameObject: {fileID: 1067747550}
  m_Enabled: 1
  m_EditorHideFlags: 0
  m_Script: {fileID: -765806418, guid: f70555f144d8491a825f0804e09c671c, type: 3}
  m_Name: 
  m_EditorClassIdentifier: 
  m_Material: {fileID: 0}
  m_Color: {r: 0, g: 0, b: 0, a: 0.392}
  m_RaycastTarget: 1
  m_OnCullStateChanged:
    m_PersistentCalls:
      m_Calls: []
    m_TypeName: UnityEngine.UI.MaskableGraphic+CullStateChangedEvent, UnityEngine.UI,
      Version=1.0.0.0, Culture=neutral, PublicKeyToken=null
  m_Sprite: {fileID: 10907, guid: 0000000000000000f000000000000000, type: 0}
  m_Type: 1
  m_PreserveAspect: 0
  m_FillCenter: 1
  m_FillMethod: 4
  m_FillAmount: 1
  m_FillClockwise: 1
  m_FillOrigin: 0
--- !u!222 &1067747553
CanvasRenderer:
  m_ObjectHideFlags: 0
  m_PrefabParentObject: {fileID: 222434434303991982, guid: 0386ed9c6f500c54e8819ba464629ca0,
    type: 2}
  m_PrefabInternal: {fileID: 0}
  m_GameObject: {fileID: 1067747550}
--- !u!1 &1175502403
GameObject:
  m_ObjectHideFlags: 0
  m_PrefabParentObject: {fileID: 1895023272393862, guid: 0386ed9c6f500c54e8819ba464629ca0,
    type: 2}
  m_PrefabInternal: {fileID: 0}
  serializedVersion: 5
  m_Component:
  - component: {fileID: 1175502404}
  - component: {fileID: 1175502405}
  - component: {fileID: 1175502406}
  m_Layer: 5
  m_Name: Heart2
  m_TagString: Untagged
  m_Icon: {fileID: 0}
  m_NavMeshLayer: 0
  m_StaticEditorFlags: 0
  m_IsActive: 1
--- !u!224 &1175502404
RectTransform:
  m_ObjectHideFlags: 0
  m_PrefabParentObject: {fileID: 224149679057609084, guid: 0386ed9c6f500c54e8819ba464629ca0,
    type: 2}
  m_PrefabInternal: {fileID: 0}
  m_GameObject: {fileID: 1175502403}
  m_LocalRotation: {x: -0, y: -0, z: -0, w: 1}
  m_LocalPosition: {x: -60.699997, y: 0.8000488, z: 0}
  m_LocalScale: {x: 1, y: 1, z: 1}
  m_Children: []
  m_Father: {fileID: 713034633}
  m_RootOrder: 1
  m_LocalEulerAnglesHint: {x: 0, y: 0, z: 0}
  m_AnchorMin: {x: 0.5, y: 0.5}
  m_AnchorMax: {x: 0.5, y: 0.5}
  m_AnchoredPosition: {x: -60.7, y: 0.8000488}
  m_SizeDelta: {x: 40, y: 40}
  m_Pivot: {x: 0.5, y: 0.5}
--- !u!222 &1175502405
CanvasRenderer:
  m_ObjectHideFlags: 0
  m_PrefabParentObject: {fileID: 222230500104856276, guid: 0386ed9c6f500c54e8819ba464629ca0,
    type: 2}
  m_PrefabInternal: {fileID: 0}
  m_GameObject: {fileID: 1175502403}
--- !u!114 &1175502406
MonoBehaviour:
  m_ObjectHideFlags: 0
  m_PrefabParentObject: {fileID: 114597538897428498, guid: 0386ed9c6f500c54e8819ba464629ca0,
    type: 2}
  m_PrefabInternal: {fileID: 0}
  m_GameObject: {fileID: 1175502403}
  m_Enabled: 1
  m_EditorHideFlags: 0
  m_Script: {fileID: -765806418, guid: f70555f144d8491a825f0804e09c671c, type: 3}
  m_Name: 
  m_EditorClassIdentifier: 
  m_Material: {fileID: 0}
  m_Color: {r: 1, g: 1, b: 1, a: 1}
  m_RaycastTarget: 1
  m_OnCullStateChanged:
    m_PersistentCalls:
      m_Calls: []
    m_TypeName: UnityEngine.UI.MaskableGraphic+CullStateChangedEvent, UnityEngine.UI,
      Version=1.0.0.0, Culture=neutral, PublicKeyToken=null
  m_Sprite: {fileID: 21300000, guid: 9e76b10a25ad66147bab78e30e20f24d, type: 3}
  m_Type: 0
  m_PreserveAspect: 0
  m_FillCenter: 1
  m_FillMethod: 4
  m_FillAmount: 1
  m_FillClockwise: 1
  m_FillOrigin: 0
--- !u!1 &1308539262
GameObject:
  m_ObjectHideFlags: 0
  m_PrefabParentObject: {fileID: 1149645203607146, guid: 0386ed9c6f500c54e8819ba464629ca0,
    type: 2}
  m_PrefabInternal: {fileID: 0}
  serializedVersion: 5
  m_Component:
  - component: {fileID: 1308539263}
  - component: {fileID: 1308539265}
  - component: {fileID: 1308539264}
  m_Layer: 5
  m_Name: Text
  m_TagString: Untagged
  m_Icon: {fileID: 0}
  m_NavMeshLayer: 0
  m_StaticEditorFlags: 0
  m_IsActive: 1
--- !u!224 &1308539263
RectTransform:
  m_ObjectHideFlags: 0
  m_PrefabParentObject: {fileID: 224438321332719046, guid: 0386ed9c6f500c54e8819ba464629ca0,
    type: 2}
  m_PrefabInternal: {fileID: 0}
  m_GameObject: {fileID: 1308539262}
  m_LocalRotation: {x: 0, y: 0, z: 0, w: 1}
  m_LocalPosition: {x: 0, y: 0, z: 0}
  m_LocalScale: {x: 1, y: 1, z: 1}
  m_Children: []
  m_Father: {fileID: 376851725}
  m_RootOrder: 0
  m_LocalEulerAnglesHint: {x: 0, y: 0, z: 0}
  m_AnchorMin: {x: 0.5, y: 0.5}
  m_AnchorMax: {x: 0.5, y: 0.5}
  m_AnchoredPosition: {x: 0, y: 0}
  m_SizeDelta: {x: 160, y: 30}
  m_Pivot: {x: 0.5, y: 0.5}
--- !u!114 &1308539264
MonoBehaviour:
  m_ObjectHideFlags: 0
  m_PrefabParentObject: {fileID: 114402541957490764, guid: 0386ed9c6f500c54e8819ba464629ca0,
    type: 2}
  m_PrefabInternal: {fileID: 0}
  m_GameObject: {fileID: 1308539262}
  m_Enabled: 1
  m_EditorHideFlags: 0
  m_Script: {fileID: 708705254, guid: f70555f144d8491a825f0804e09c671c, type: 3}
  m_Name: 
  m_EditorClassIdentifier: 
  m_Material: {fileID: 0}
  m_Color: {r: 0.19607843, g: 0.19607843, b: 0.19607843, a: 1}
  m_RaycastTarget: 1
  m_OnCullStateChanged:
    m_PersistentCalls:
      m_Calls: []
    m_TypeName: UnityEngine.UI.MaskableGraphic+CullStateChangedEvent, UnityEngine.UI,
      Version=1.0.0.0, Culture=neutral, PublicKeyToken=null
  m_FontData:
    m_Font: {fileID: 10102, guid: 0000000000000000e000000000000000, type: 0}
    m_FontSize: 14
    m_FontStyle: 0
    m_BestFit: 0
    m_MinSize: 10
    m_MaxSize: 40
    m_Alignment: 0
    m_AlignByGeometry: 0
    m_RichText: 1
    m_HorizontalOverflow: 0
    m_VerticalOverflow: 0
    m_LineSpacing: 1
  m_Text: Return to game.
--- !u!222 &1308539265
CanvasRenderer:
  m_ObjectHideFlags: 0
  m_PrefabParentObject: {fileID: 222448846750248558, guid: 0386ed9c6f500c54e8819ba464629ca0,
    type: 2}
  m_PrefabInternal: {fileID: 0}
  m_GameObject: {fileID: 1308539262}
--- !u!1 &1410182136
GameObject:
  m_ObjectHideFlags: 0
  m_PrefabParentObject: {fileID: 1701636598858482, guid: 0386ed9c6f500c54e8819ba464629ca0,
    type: 2}
  m_PrefabInternal: {fileID: 0}
  serializedVersion: 5
  m_Component:
  - component: {fileID: 1410182140}
  - component: {fileID: 1410182139}
  - component: {fileID: 1410182138}
  - component: {fileID: 1410182137}
  - component: {fileID: 1410182142}
  - component: {fileID: 1410182141}
  - component: {fileID: 1410182143}
  m_Layer: 5
  m_Name: UI
  m_TagString: Untagged
  m_Icon: {fileID: 0}
  m_NavMeshLayer: 0
  m_StaticEditorFlags: 0
  m_IsActive: 1
--- !u!114 &1410182137
MonoBehaviour:
  m_ObjectHideFlags: 0
  m_PrefabParentObject: {fileID: 114348309457148774, guid: 0386ed9c6f500c54e8819ba464629ca0,
    type: 2}
  m_PrefabInternal: {fileID: 0}
  m_GameObject: {fileID: 1410182136}
  m_Enabled: 1
  m_EditorHideFlags: 0
  m_Script: {fileID: 1301386320, guid: f70555f144d8491a825f0804e09c671c, type: 3}
  m_Name: 
  m_EditorClassIdentifier: 
  m_IgnoreReversedGraphics: 1
  m_BlockingObjects: 0
  m_BlockingMask:
    serializedVersion: 2
    m_Bits: 4294967295
--- !u!114 &1410182138
MonoBehaviour:
  m_ObjectHideFlags: 0
  m_PrefabParentObject: {fileID: 114568508958140610, guid: 0386ed9c6f500c54e8819ba464629ca0,
    type: 2}
  m_PrefabInternal: {fileID: 0}
  m_GameObject: {fileID: 1410182136}
  m_Enabled: 1
  m_EditorHideFlags: 0
  m_Script: {fileID: 1980459831, guid: f70555f144d8491a825f0804e09c671c, type: 3}
  m_Name: 
  m_EditorClassIdentifier: 
  m_UiScaleMode: 1
  m_ReferencePixelsPerUnit: 100
  m_ScaleFactor: 1
  m_ReferenceResolution: {x: 800, y: 600}
  m_ScreenMatchMode: 0
  m_MatchWidthOrHeight: 0
  m_PhysicalUnit: 3
  m_FallbackScreenDPI: 96
  m_DefaultSpriteDPI: 96
  m_DynamicPixelsPerUnit: 1
--- !u!223 &1410182139
Canvas:
  m_ObjectHideFlags: 0
  m_PrefabParentObject: {fileID: 223249327798484922, guid: 0386ed9c6f500c54e8819ba464629ca0,
    type: 2}
  m_PrefabInternal: {fileID: 0}
  m_GameObject: {fileID: 1410182136}
  m_Enabled: 1
  serializedVersion: 3
  m_RenderMode: 0
  m_Camera: {fileID: 0}
  m_PlaneDistance: 100
  m_PixelPerfect: 0
  m_ReceivesEvents: 1
  m_OverrideSorting: 0
  m_OverridePixelPerfect: 0
  m_SortingBucketNormalizedSize: 0
  m_AdditionalShaderChannelsFlag: 0
  m_SortingLayerID: 0
  m_SortingOrder: 0
  m_TargetDisplay: 0
--- !u!224 &1410182140
RectTransform:
  m_ObjectHideFlags: 0
  m_PrefabParentObject: {fileID: 224652456314381134, guid: 0386ed9c6f500c54e8819ba464629ca0,
    type: 2}
  m_PrefabInternal: {fileID: 0}
  m_GameObject: {fileID: 1410182136}
  m_LocalRotation: {x: 0, y: 0, z: 0, w: 1}
  m_LocalPosition: {x: 683, y: 384, z: 0}
  m_LocalScale: {x: 1.7075, y: 1.7075, z: 1.7075}
  m_Children:
  - {fileID: 1500577478}
  m_Father: {fileID: 0}
  m_RootOrder: 1
  m_LocalEulerAnglesHint: {x: 0, y: 0, z: 0}
  m_AnchorMin: {x: 0.5, y: 0.5}
  m_AnchorMax: {x: 0.5, y: 0.5}
  m_AnchoredPosition: {x: 0, y: 0}
  m_SizeDelta: {x: 100, y: 100}
  m_Pivot: {x: 0.5, y: 0.5}
--- !u!114 &1410182141
MonoBehaviour:
  m_ObjectHideFlags: 0
  m_PrefabParentObject: {fileID: 114934250906749910, guid: 0386ed9c6f500c54e8819ba464629ca0,
    type: 2}
  m_PrefabInternal: {fileID: 0}
  m_GameObject: {fileID: 1410182136}
  m_Enabled: 1
  m_EditorHideFlags: 0
  m_Script: {fileID: 11500000, guid: 690028a1a5b156a4888a546a6a5e399a, type: 3}
  m_Name: 
  m_EditorClassIdentifier: 
  heartManager: {fileID: 1410182142}
  uiDeathScreen: {fileID: 1410182143}
--- !u!114 &1410182142
MonoBehaviour:
  m_ObjectHideFlags: 0
  m_PrefabParentObject: {fileID: 114539036893895386, guid: 0386ed9c6f500c54e8819ba464629ca0,
    type: 2}
  m_PrefabInternal: {fileID: 0}
  m_GameObject: {fileID: 1410182136}
  m_Enabled: 1
  m_EditorHideFlags: 0
  m_Script: {fileID: 11500000, guid: c9aabd4950ae21a48b2a58102fbbbf79, type: 3}
  m_Name: 
  m_EditorClassIdentifier: 
  HEALTHICONS:
  - TITLE: Heart 1
    HEARTID: 1
    HEART: {fileID: 360048208}
  - TITLE: Heart 2
    HEARTID: 2
    HEART: {fileID: 1175502406}
  - TITLE: Heart 3
    HEARTID: 3
    HEART: {fileID: 281767481}
  - TITLE: Heart 4
    HEARTID: 4
    HEART: {fileID: 679512006}
  - TITLE: Heart 5
    HEARTID: 5
    HEART: {fileID: 1850195500}
--- !u!114 &1410182143
MonoBehaviour:
  m_ObjectHideFlags: 0
  m_PrefabParentObject: {fileID: 114498376573674814, guid: 0386ed9c6f500c54e8819ba464629ca0,
    type: 2}
  m_PrefabInternal: {fileID: 0}
  m_GameObject: {fileID: 1410182136}
  m_Enabled: 1
  m_EditorHideFlags: 0
  m_Script: {fileID: 11500000, guid: c8ae9467f2aaff24b8ff0a81423bbfb8, type: 3}
  m_Name: 
  m_EditorClassIdentifier: 
  DeathScreen: {fileID: 1067747550}
--- !u!1 &1500577477
GameObject:
  m_ObjectHideFlags: 0
  m_PrefabParentObject: {fileID: 1013288975725104, guid: 0386ed9c6f500c54e8819ba464629ca0,
    type: 2}
  m_PrefabInternal: {fileID: 0}
  serializedVersion: 5
  m_Component:
  - component: {fileID: 1500577478}
  - component: {fileID: 1500577480}
  - component: {fileID: 1500577479}
  m_Layer: 5
  m_Name: Main_Panel
  m_TagString: Untagged
  m_Icon: {fileID: 0}
  m_NavMeshLayer: 0
  m_StaticEditorFlags: 0
  m_IsActive: 1
--- !u!224 &1500577478
RectTransform:
  m_ObjectHideFlags: 0
  m_PrefabParentObject: {fileID: 224574337040826734, guid: 0386ed9c6f500c54e8819ba464629ca0,
    type: 2}
  m_PrefabInternal: {fileID: 0}
  m_GameObject: {fileID: 1500577477}
  m_LocalRotation: {x: 0, y: 0, z: 0, w: 1}
  m_LocalPosition: {x: 0, y: 0, z: 0}
  m_LocalScale: {x: 1, y: 1, z: 1}
  m_Children:
  - {fileID: 713034633}
  - {fileID: 1067747551}
  - {fileID: 43313331}
  m_Father: {fileID: 1410182140}
  m_RootOrder: 0
  m_LocalEulerAnglesHint: {x: 0, y: 0, z: 0}
  m_AnchorMin: {x: 0, y: 0}
  m_AnchorMax: {x: 1, y: 1}
  m_AnchoredPosition: {x: 0, y: 0}
  m_SizeDelta: {x: 0, y: 0}
  m_Pivot: {x: 0.5, y: 0.5}
--- !u!114 &1500577479
MonoBehaviour:
  m_ObjectHideFlags: 0
  m_PrefabParentObject: {fileID: 114974356488165374, guid: 0386ed9c6f500c54e8819ba464629ca0,
    type: 2}
  m_PrefabInternal: {fileID: 0}
  m_GameObject: {fileID: 1500577477}
  m_Enabled: 1
  m_EditorHideFlags: 0
  m_Script: {fileID: -765806418, guid: f70555f144d8491a825f0804e09c671c, type: 3}
  m_Name: 
  m_EditorClassIdentifier: 
  m_Material: {fileID: 0}
  m_Color: {r: 1, g: 1, b: 1, a: 0}
  m_RaycastTarget: 1
  m_OnCullStateChanged:
    m_PersistentCalls:
      m_Calls: []
    m_TypeName: UnityEngine.UI.MaskableGraphic+CullStateChangedEvent, UnityEngine.UI,
      Version=1.0.0.0, Culture=neutral, PublicKeyToken=null
  m_Sprite: {fileID: 10907, guid: 0000000000000000f000000000000000, type: 0}
  m_Type: 1
  m_PreserveAspect: 0
  m_FillCenter: 1
  m_FillMethod: 4
  m_FillAmount: 1
  m_FillClockwise: 1
  m_FillOrigin: 0
--- !u!222 &1500577480
CanvasRenderer:
  m_ObjectHideFlags: 0
  m_PrefabParentObject: {fileID: 222954430834739616, guid: 0386ed9c6f500c54e8819ba464629ca0,
    type: 2}
  m_PrefabInternal: {fileID: 0}
  m_GameObject: {fileID: 1500577477}
--- !u!1 &1507433735
GameObject:
  m_ObjectHideFlags: 0
  m_PrefabParentObject: {fileID: 1091187958371082, guid: 0386ed9c6f500c54e8819ba464629ca0,
    type: 2}
  m_PrefabInternal: {fileID: 0}
  serializedVersion: 5
  m_Component:
  - component: {fileID: 1507433736}
  - component: {fileID: 1507433738}
  - component: {fileID: 1507433737}
  m_Layer: 5
  m_Name: Text
  m_TagString: Untagged
  m_Icon: {fileID: 0}
  m_NavMeshLayer: 0
  m_StaticEditorFlags: 0
  m_IsActive: 1
--- !u!224 &1507433736
RectTransform:
  m_ObjectHideFlags: 0
  m_PrefabParentObject: {fileID: 224323271853406360, guid: 0386ed9c6f500c54e8819ba464629ca0,
    type: 2}
  m_PrefabInternal: {fileID: 0}
  m_GameObject: {fileID: 1507433735}
  m_LocalRotation: {x: 0, y: 0, z: 0, w: 1}
  m_LocalPosition: {x: -4.100006, y: -8.019402, z: 0}
  m_LocalScale: {x: 1, y: 1, z: 1}
  m_Children: []
  m_Father: {fileID: 328995839}
  m_RootOrder: 0
  m_LocalEulerAnglesHint: {x: 0, y: 0, z: 0}
  m_AnchorMin: {x: 0.5, y: 0.5}
  m_AnchorMax: {x: 0.5, y: 0.5}
  m_AnchoredPosition: {x: -4.1, y: -8.0194}
  m_SizeDelta: {x: 320.4, y: 106.16}
  m_Pivot: {x: 0.5, y: 0.5}
--- !u!114 &1507433737
MonoBehaviour:
  m_ObjectHideFlags: 0
  m_PrefabParentObject: {fileID: 114675549199990002, guid: 0386ed9c6f500c54e8819ba464629ca0,
    type: 2}
  m_PrefabInternal: {fileID: 0}
  m_GameObject: {fileID: 1507433735}
  m_Enabled: 1
  m_EditorHideFlags: 0
  m_Script: {fileID: 708705254, guid: f70555f144d8491a825f0804e09c671c, type: 3}
  m_Name: 
  m_EditorClassIdentifier: 
  m_Material: {fileID: 0}
  m_Color: {r: 1, g: 1, b: 1, a: 1}
  m_RaycastTarget: 1
  m_OnCullStateChanged:
    m_PersistentCalls:
      m_Calls: []
    m_TypeName: UnityEngine.UI.MaskableGraphic+CullStateChangedEvent, UnityEngine.UI,
      Version=1.0.0.0, Culture=neutral, PublicKeyToken=null
  m_FontData:
    m_Font: {fileID: 10102, guid: 0000000000000000e000000000000000, type: 0}
    m_FontSize: 20
    m_FontStyle: 0
    m_BestFit: 0
    m_MinSize: 2
    m_MaxSize: 40
    m_Alignment: 4
    m_AlignByGeometry: 0
    m_RichText: 1
    m_HorizontalOverflow: 0
    m_VerticalOverflow: 0
    m_LineSpacing: 1
  m_Text: YOU ARE DED
--- !u!222 &1507433738
CanvasRenderer:
  m_ObjectHideFlags: 0
  m_PrefabParentObject: {fileID: 222430591716892788, guid: 0386ed9c6f500c54e8819ba464629ca0,
    type: 2}
  m_PrefabInternal: {fileID: 0}
  m_GameObject: {fileID: 1507433735}
--- !u!1 &1774773870
GameObject:
  m_ObjectHideFlags: 0
  m_PrefabParentObject: {fileID: 1720254527739532, guid: 0386ed9c6f500c54e8819ba464629ca0,
    type: 2}
  m_PrefabInternal: {fileID: 0}
  serializedVersion: 5
  m_Component:
  - component: {fileID: 1774773871}
  - component: {fileID: 1774773873}
  - component: {fileID: 1774773872}
  m_Layer: 5
  m_Name: PauseScreen
  m_TagString: Untagged
  m_Icon: {fileID: 0}
  m_NavMeshLayer: 0
  m_StaticEditorFlags: 0
  m_IsActive: 1
--- !u!224 &1774773871
RectTransform:
  m_ObjectHideFlags: 0
  m_PrefabParentObject: {fileID: 224527966981486498, guid: 0386ed9c6f500c54e8819ba464629ca0,
    type: 2}
  m_PrefabInternal: {fileID: 0}
  m_GameObject: {fileID: 1774773870}
  m_LocalRotation: {x: -0, y: -0, z: -0, w: 1}
  m_LocalPosition: {x: 9, y: -9.666473, z: 0}
  m_LocalScale: {x: 1, y: 1, z: 1}
  m_Children:
  - {fileID: 437545299}
  - {fileID: 111358294}
  - {fileID: 376851725}
  - {fileID: 711633151}
  m_Father: {fileID: 43313331}
  m_RootOrder: 0
  m_LocalEulerAnglesHint: {x: 0, y: 0, z: 0}
  m_AnchorMin: {x: 0, y: 0}
  m_AnchorMax: {x: 1, y: 0.9866706}
  m_AnchoredPosition: {x: 9, y: -9}
  m_SizeDelta: {x: 333, y: 140.61804}
  m_Pivot: {x: 0.5, y: 0.5}
--- !u!114 &1774773872
MonoBehaviour:
  m_ObjectHideFlags: 0
  m_PrefabParentObject: {fileID: 114088712559941308, guid: 0386ed9c6f500c54e8819ba464629ca0,
    type: 2}
  m_PrefabInternal: {fileID: 0}
  m_GameObject: {fileID: 1774773870}
  m_Enabled: 1
  m_EditorHideFlags: 0
  m_Script: {fileID: -765806418, guid: f70555f144d8491a825f0804e09c671c, type: 3}
  m_Name: 
  m_EditorClassIdentifier: 
  m_Material: {fileID: 0}
  m_Color: {r: 0, g: 0, b: 0, a: 1}
  m_RaycastTarget: 1
  m_OnCullStateChanged:
    m_PersistentCalls:
      m_Calls: []
    m_TypeName: UnityEngine.UI.MaskableGraphic+CullStateChangedEvent, UnityEngine.UI,
      Version=1.0.0.0, Culture=neutral, PublicKeyToken=null
  m_Sprite: {fileID: 10907, guid: 0000000000000000f000000000000000, type: 0}
  m_Type: 1
  m_PreserveAspect: 0
  m_FillCenter: 1
  m_FillMethod: 4
  m_FillAmount: 1
  m_FillClockwise: 1
  m_FillOrigin: 0
--- !u!222 &1774773873
CanvasRenderer:
  m_ObjectHideFlags: 0
  m_PrefabParentObject: {fileID: 222898209922206970, guid: 0386ed9c6f500c54e8819ba464629ca0,
    type: 2}
  m_PrefabInternal: {fileID: 0}
  m_GameObject: {fileID: 1774773870}
--- !u!1 &1850195499
GameObject:
  m_ObjectHideFlags: 0
  m_PrefabParentObject: {fileID: 1208536890427400, guid: 0386ed9c6f500c54e8819ba464629ca0,
    type: 2}
  m_PrefabInternal: {fileID: 0}
  serializedVersion: 5
  m_Component:
  - component: {fileID: 1850195502}
  - component: {fileID: 1850195501}
  - component: {fileID: 1850195500}
  m_Layer: 5
  m_Name: Heart5
  m_TagString: Untagged
  m_Icon: {fileID: 0}
  m_NavMeshLayer: 0
  m_StaticEditorFlags: 0
  m_IsActive: 1
--- !u!114 &1850195500
MonoBehaviour:
  m_ObjectHideFlags: 0
  m_PrefabParentObject: {fileID: 114905054160818126, guid: 0386ed9c6f500c54e8819ba464629ca0,
    type: 2}
  m_PrefabInternal: {fileID: 0}
  m_GameObject: {fileID: 1850195499}
  m_Enabled: 1
  m_EditorHideFlags: 0
  m_Script: {fileID: -765806418, guid: f70555f144d8491a825f0804e09c671c, type: 3}
  m_Name: 
  m_EditorClassIdentifier: 
  m_Material: {fileID: 0}
  m_Color: {r: 1, g: 1, b: 1, a: 1}
  m_RaycastTarget: 1
  m_OnCullStateChanged:
    m_PersistentCalls:
      m_Calls: []
    m_TypeName: UnityEngine.UI.MaskableGraphic+CullStateChangedEvent, UnityEngine.UI,
      Version=1.0.0.0, Culture=neutral, PublicKeyToken=null
  m_Sprite: {fileID: 21300000, guid: 9e76b10a25ad66147bab78e30e20f24d, type: 3}
  m_Type: 0
  m_PreserveAspect: 0
  m_FillCenter: 1
  m_FillMethod: 4
  m_FillAmount: 1
  m_FillClockwise: 1
  m_FillOrigin: 0
--- !u!222 &1850195501
CanvasRenderer:
  m_ObjectHideFlags: 0
  m_PrefabParentObject: {fileID: 222782822735089452, guid: 0386ed9c6f500c54e8819ba464629ca0,
    type: 2}
  m_PrefabInternal: {fileID: 0}
  m_GameObject: {fileID: 1850195499}
--- !u!224 &1850195502
RectTransform:
  m_ObjectHideFlags: 0
  m_PrefabParentObject: {fileID: 224576780265598518, guid: 0386ed9c6f500c54e8819ba464629ca0,
    type: 2}
  m_PrefabInternal: {fileID: 0}
  m_GameObject: {fileID: 1850195499}
  m_LocalRotation: {x: -0, y: -0, z: -0, w: 1}
  m_LocalPosition: {x: 83.2, y: 0.8000488, z: 0}
  m_LocalScale: {x: 1, y: 1, z: 1}
  m_Children: []
  m_Father: {fileID: 713034633}
  m_RootOrder: 4
  m_LocalEulerAnglesHint: {x: 0, y: 0, z: 0}
  m_AnchorMin: {x: 0.5, y: 0.5}
  m_AnchorMax: {x: 0.5, y: 0.5}
  m_AnchoredPosition: {x: 83.2, y: 0.8000488}
  m_SizeDelta: {x: 40, y: 40}
  m_Pivot: {x: 0.5, y: 0.5}
--- !u!1 &2037468125
GameObject:
  m_ObjectHideFlags: 0
  m_PrefabParentObject: {fileID: 1236351097649766, guid: 0386ed9c6f500c54e8819ba464629ca0,
    type: 2}
  m_PrefabInternal: {fileID: 0}
  serializedVersion: 5
  m_Component:
  - component: {fileID: 2037468126}
  - component: {fileID: 2037468128}
  - component: {fileID: 2037468127}
  m_Layer: 5
  m_Name: I do nothing, promise. <3
  m_TagString: Untagged
  m_Icon: {fileID: 0}
  m_NavMeshLayer: 0
  m_StaticEditorFlags: 0
  m_IsActive: 1
--- !u!224 &2037468126
RectTransform:
  m_ObjectHideFlags: 0
  m_PrefabParentObject: {fileID: 224530967176254032, guid: 0386ed9c6f500c54e8819ba464629ca0,
    type: 2}
  m_PrefabInternal: {fileID: 0}
  m_GameObject: {fileID: 2037468125}
  m_LocalRotation: {x: 0, y: 0, z: 0, w: 1}
  m_LocalPosition: {x: 0, y: 0, z: 0}
  m_LocalScale: {x: 1, y: 1, z: 1}
  m_Children: []
  m_Father: {fileID: 111358294}
  m_RootOrder: 0
  m_LocalEulerAnglesHint: {x: 0, y: 0, z: 0}
  m_AnchorMin: {x: 0.5, y: 0.5}
  m_AnchorMax: {x: 0.5, y: 0.5}
  m_AnchoredPosition: {x: 0, y: 0}
  m_SizeDelta: {x: 160, y: 30}
  m_Pivot: {x: 0.5, y: 0.5}
--- !u!114 &2037468127
MonoBehaviour:
  m_ObjectHideFlags: 0
  m_PrefabParentObject: {fileID: 114087183465048616, guid: 0386ed9c6f500c54e8819ba464629ca0,
    type: 2}
  m_PrefabInternal: {fileID: 0}
  m_GameObject: {fileID: 2037468125}
  m_Enabled: 1
  m_EditorHideFlags: 0
  m_Script: {fileID: 708705254, guid: f70555f144d8491a825f0804e09c671c, type: 3}
  m_Name: 
  m_EditorClassIdentifier: 
  m_Material: {fileID: 0}
  m_Color: {r: 0.19607843, g: 0.19607843, b: 0.19607843, a: 1}
  m_RaycastTarget: 1
  m_OnCullStateChanged:
    m_PersistentCalls:
      m_Calls: []
    m_TypeName: UnityEngine.UI.MaskableGraphic+CullStateChangedEvent, UnityEngine.UI,
      Version=1.0.0.0, Culture=neutral, PublicKeyToken=null
  m_FontData:
    m_Font: {fileID: 10102, guid: 0000000000000000e000000000000000, type: 0}
    m_FontSize: 14
    m_FontStyle: 0
    m_BestFit: 0
    m_MinSize: 10
    m_MaxSize: 40
    m_Alignment: 0
    m_AlignByGeometry: 0
    m_RichText: 1
    m_HorizontalOverflow: 0
    m_VerticalOverflow: 0
    m_LineSpacing: 1
  m_Text: I do nothing, promise. <3
--- !u!222 &2037468128
CanvasRenderer:
  m_ObjectHideFlags: 0
  m_PrefabParentObject: {fileID: 222459508128278888, guid: 0386ed9c6f500c54e8819ba464629ca0,
    type: 2}
  m_PrefabInternal: {fileID: 0}
  m_GameObject: {fileID: 2037468125}
--- !u!1 &2100743621
GameObject:
  m_ObjectHideFlags: 0
  m_PrefabParentObject: {fileID: 0}
  m_PrefabInternal: {fileID: 0}
  serializedVersion: 5
  m_Component:
  - component: {fileID: 2100743625}
  - component: {fileID: 2100743624}
  - component: {fileID: 2100743623}
  - component: {fileID: 2100743622}
  m_Layer: 0
  m_Name: Main Camera
  m_TagString: MainCamera
  m_Icon: {fileID: 0}
  m_NavMeshLayer: 0
  m_StaticEditorFlags: 0
  m_IsActive: 1
--- !u!81 &2100743622
AudioListener:
  m_ObjectHideFlags: 0
  m_PrefabParentObject: {fileID: 0}
  m_PrefabInternal: {fileID: 0}
  m_GameObject: {fileID: 2100743621}
  m_Enabled: 1
--- !u!124 &2100743623
Behaviour:
  m_ObjectHideFlags: 0
  m_PrefabParentObject: {fileID: 0}
  m_PrefabInternal: {fileID: 0}
  m_GameObject: {fileID: 2100743621}
  m_Enabled: 1
--- !u!20 &2100743624
Camera:
  m_ObjectHideFlags: 0
  m_PrefabParentObject: {fileID: 0}
  m_PrefabInternal: {fileID: 0}
  m_GameObject: {fileID: 2100743621}
  m_Enabled: 1
  serializedVersion: 2
  m_ClearFlags: 1
  m_BackGroundColor: {r: 0.19215687, g: 0.3019608, b: 0.4745098, a: 0}
  m_NormalizedViewPortRect:
    serializedVersion: 2
    x: 0
    y: 0
    width: 1
    height: 1
  near clip plane: 0.3
  far clip plane: 1000
  field of view: 60
  orthographic: 1
  orthographic size: 5
  m_Depth: -1
  m_CullingMask:
    serializedVersion: 2
    m_Bits: 4294967295
  m_RenderingPath: -1
  m_TargetTexture: {fileID: 0}
  m_TargetDisplay: 0
  m_TargetEye: 3
  m_HDR: 1
  m_AllowMSAA: 1
  m_ForceIntoRT: 0
  m_OcclusionCulling: 1
  m_StereoConvergence: 10
  m_StereoSeparation: 0.022
--- !u!4 &2100743625
Transform:
  m_ObjectHideFlags: 0
  m_PrefabParentObject: {fileID: 0}
  m_PrefabInternal: {fileID: 0}
  m_GameObject: {fileID: 2100743621}
  m_LocalRotation: {x: 0, y: 0, z: 0, w: 1}
  m_LocalPosition: {x: 0, y: 0, z: -10}
  m_LocalScale: {x: 1, y: 1, z: 1}
  m_Children: []
  m_Father: {fileID: 0}
  m_RootOrder: 0
  m_LocalEulerAnglesHint: {x: 0, y: 0, z: 0}
